@article{yo:08,
  author  = {Nombre Npellido and T. B. N. Apellido and Su Nombre},
  title   = {Nuestro art\'{\i}culo},
  journal = {Revista},
  volume  = {1},
  pages   = {1--2},
  year    = {2008},
}
