@article{yo:07,
  author  = {Nombre Napellido and T. B. N. Apellido and Su Nombre},
  title   = {Nuestro art\'{\i}culo},
  journal = {Revista},
  volume  = {1},
  pages   = {1--2},
  year    = {2007},
}
